@book{Russell:2003:AIM:773294,
    author = {Russell, Stuart J. and Norvig, Peter},
    title = {Artificial Intelligence: A Modern Approach},
    year = {2003},
    isbn = {0137903952},
    edition = {2},
    publisher = {Pearson Education},
}

@book{Murphy:2012:MLP:2380985,
    author = {Murphy, Kevin P.},
    title = {Machine Learning: A Probabilistic Perspective},
    year = {2012},
    isbn = {0262018020, 9780262018029},
    publisher = {The MIT Press},
}

@book{HoffPeterD2009Afci,
    series = {Springer texts in statistics},
    publisher = {Springer},
    isbn = {9780387922997},
    year = {2009},
    title = {A first course in Bayesian statistical methods},
    language = {eng},
    address = {Dordrecht; Heidelberg; New York [u.a.]},
    author = {Hoff, Peter D},
    keywords = {Bayes-Entscheidungstheorie / Bayes-Verfahren / Datenanalyse},
}

@book{Koller:2009:PGM:1795555,
    author = {Koller, Daphne and Friedman, Nir},
    title = {Probabilistic Graphical Models: Principles and Techniques - Adaptive Computation and Machine Learning},
    year = {2009},
    isbn = {0262013193, 9780262013192},
    publisher = {The MIT Press},
}

@inproceedings{DBLP:conf:konvens:TkachenkoS12,
    author = {Tkachenko, Maksim and Simanovsky, Andrey},
    title = {Named entity recognition: Exploring features},
    booktitle = {11th Conference on Natural Language Processing, { KONVENS } 2012, Empirical
                Methods in Natural Language Processing, Vienna, Austria, September
                19-21, 2012},
    pages = {118--127},
    year = {2012},
    crossref = {DBLP:conf/konvens/2012},
    url = {http://www.oegai.at/konvens2012/proceedings/17_tkachenko12o/},
    timestamp = {Sat, 29 Nov 2014 17:59:24 +0100},
    biburl = {http://dblp.org/rec/bib/conf/konvens/TkachenkoS12},
    bibsource = {dblp computer science bibliography, http://dblp.org}
}
